@article{sauvola00pr,
    author = {J. Sauvola and M. Pietik√§inen},
    title = {Adaptive document image binarization},
    journal = {PATTERN RECOGNITION},
    year = {2000},
    volume = {33},
    pages = {225--236}
}

@Article{besl1992pami,
	author = "P.J. Besl and N.D. McKay",
	title = "A Method for Registration of 3-D Shapes",
	journal = "IEEE Transactions on Pattern Analysis and Machine Intelligence",
	volume = "14",
	issn = "0162-8828",
	year = "1992",
	pages = "239--256",
	doi = "http://doi.ieeecomputersociety.org/10.1109/34.121791",
	publisher = "IEEE Computer Society",
	address = "Los Alamitos, CA, USA"
}

@article{badekas2005ppriaa,
 booktitle = {Progress in Pattern Recognition, Image Analysis and Applications},
 title = {Automatic Evaluation of Document Binarization Results},
 pages = {1005--1014},
 year = {2005},
 author = {E. Badekas and N. Papamarkos}
}

@article{shafait2008drr,
 author = {Faisal Shafait and Daniel Keysers and Thomas M. Breuel},
 title = {Efficient Implementation of Local Adaptive Thresholding Techniques Using Integral Images},
 journal = {Document Recognition and Retrieval XV},
 year = {2008},
 address = {San Jose, CA},
 month = {Jan}
}

@inproceedings{meunier2005icdar,
  title={Optimized {XY-Cut} for determining a page reading order},
  author={J.-L. Meunier},
  booktitle={Proceedings of International Conference on Document Analysis and Recognition},
  pages={347--351},
  year={2005},
  organization={IEEE}
}

@article{nagy1992computer,
  title={A prototype document image analysis system for technical journals},
  author={George Nagy and Sharad Seth and Mahesh Viswanathan},
  journal={Computer},
  volume={25},
  number={7},
  pages={10--22},
  year={1992},
  publisher={IEEE}
}

@inproceedings{kruatrachue2005waset,
  title={Fast Document Segmentation Using Contour and {XY-Cut} Technique},
  author={Boontee Kruatrachue and Narongchai Moongfangklang and Kritawan Siriboon},
  booktitle={Proceedings of World Academy of Science, Engineering and Technology},
  volume={5},
  pages={27--29},
  year={2005}
}

@inproceedings{fabrizio2009icip,
  title={Text segmentation in natural scenes using toggle-mapping},
  author={Jonathan Fabrizio and Beatriz Marcotegui and Matthieu Cord},
  booktitle={IEEE International Conference on Image Processing},
  pages={2373--2376},
  year={2009},
  organization={IEEE}
}

@article{ogorman1993pami,
  title={The document spectrum for page layout analysis},
  author={L. O'Gorman},
  journal={Pattern Analysis and Machine Intelligence, IEEE Transactions on},
  volume={15},
  number={11},
  pages={1162--1173},
  year={1993},
  publisher={IEEE}
}